@misc{encyclopedie,
	author = {Pierre Auger},
	title = {Encyclop�die internationale des sciences et des techniques: 10 volumes plus un index},
	publisher = {Larousse},
	pages = {536-537},
	volume = {4},
	chapter = {Distorsion dans les circuits �lectroniques},
	year = {1969}
}

@misc{encyclopedia,
	author = {},
	title = {Encyclopaedia universalis},
	year = {1990},
	chapter = {Distorsion},
	pages = {1078}
}

@misc{dico,
author = {Larousse},
title = {Le Lexis - le dictionnaire �rudit de la langue fran�aise},
publisher = {Larousse},
year = {2014}
}

@misc{resonance
	author = {Martin Weik},
	title = {Computer Science and Communication Dictionary},
	publisher = {Kluwer Academic Publishers},
	chapter = {Resonance}
}
