@misc{wiki-perm-magn,
		author = {Wikip�dia},
		title = {Perm�abilite magn�tique},
		year = {2013},
		url = {http://fr.wikipedia.org/wiki/Perm%C3%A9abilit%C3%A9_magn%C3%A9tique},
		type = {Site web}
}

@misc{absorber,
		title = {Traitement acoustique: principes de base},
		url = {http://www.audiophile-magazine.com/dossiers-techniques/introduction-au-traitement-acoustique/},
		author = {J. Chevassus, T. Nkaoua, J.M. Villafranca, N. Benoist},
		type = {Site web},
		date = {consult� le 08/03/14}
}

@misc{close,
		title = {La charge pour le haut-parleur},
		url = {http://www.toutlehautparleur.com/charge-acoustique-enceinte},
		type = {Site web},
		date = {consult� le 08/03/14}
}

@misc{tlhp,
		title = {Davis acoustics},
		url = {http://www.toutlehautparleur.com/haut-parleur-driver/davis-acoustics.html},
		type = {Site web},
		date = {consult� le 08/03/14}
}
@misc{Vas
		title = {Paramètres de Thiele-Small},
		url = {http://www.amateuraudio.fr/pavi-p5.html},
		type = {Site web},
		date = {consulté le 03/05/14}
}
