@misc{encyclopedie,
author = {Pierre Auger},
title = {Encyclopédie internationale des sciences et des techniques: 10 volumes plus un index},
publisher = {Larousse},
pages = {536-537},
volume = {4},
year = {1969}
}

@misc{encyclopedia,
title = {Encyclopaedia universalis},
year = {1990},
pages = {1078}
}

@misc{cuccia,
author = {C. Louis Cuccia},
title = {Harmonics, sidebands, and transients in communication engineering: as studies by the Fourier and Laplace analysis},
publisher = {McGraw-Hill},
pages = {360-365},
year = {1952}
}

@misc{termans,
author = {Frederick Emmons Terman,
title = {Radio engineering},
year = {1947},
publisher = {McGraw-Hill},
pages = {226-230 and 881-882}
}


@misc{hartmann,
author = {William M. Hartmann,
title = {Principles of Musical Acoustics},
publisher = {Springer},
pages = {179-185},
year = {2013}
}


@misc{brevet1,
author = {Donald J. Lucas and Edwin W. Rowand Jr.,
title = {Method and apparatus for harmonic distortion correction},
key = {US5377092},
year = {1994}
}

@misc{brevet2,
author = {Ronald G. Jawernycky and Michael Z. Lowenstein and Gerald L. Park and Myron Zucker},
title = {Apparatus for measuring harmonic distortion in a conductor, and methods of constructing and utilizing same},
key =  {US4818947},
year = {1989}
}

@misc{dico,
author = {Larousse},
title = {Le Lexis - le dictionnaire érudit de la langue française},
publisher = {Larousse},
year = {2014}
}
%un dico est une encyclopédie, dnc ca va dns la catégorie encyclo aussi

@misc{chargeslin,
author = {Universal Electric Corporation},
title = {Charges non-linéaires et harmoniques},
url = {\url{www.uecorp.com/busway/uploads/docs/fr/UE_NeutralRatings.pdf}},
date = {consulté le 11/03/2014}
}
